@article{turing1936computable,
  title={On computable numbers, with an application to the {Entscheidungsproblem}},
  author={Turing, Alan Mathison and others},
  journal={J. of Math},
  volume={58},
  number={345-363},
  pages={5},
  year={1936},
  publisher={Wiley Online Library}
}

@article{yang2024formal,
  title={Formal mathematical reasoning: A new frontier in {AI}},
  author={Yang, Kaiyu and Poesia, Gabriel and He, Jingxuan and Li, Wenda and Lauter, Kristin and Chaudhuri, Swarat and Song, Dawn},
  journal={arXiv preprint arXiv:2412.16075},
  year={2024}
}

@inproceedings{buzzard2020formalising,
  title={Formalising perfectoid spaces},
  author={Buzzard, Kevin and Commelin, Johan and Massot, Patrick},
  booktitle={Proceedings of the 9th ACM SIGPLAN International Conference on Certified Programs and Proofs},
  pages={299--312},
  year={2020}
}

@article{team2024gemini,
  title={Gemini 1.5: Unlocking multimodal understanding across millions of tokens of context},
  author={{Gemini Team}},
  journal={arXiv preprint arXiv:2403.05530},
  year={2024}
}

@book{coq2024proof,
  author       = {{The Coq Development Team}},
  title        = {The {Coq} Proof Assistant},
  month        = sep,
  year         = 2024,
  publisher    = {Zenodo},
  version      = {8.20},
  doi          = {10.5281/zenodo.14542673},
  url          = {https://doi.org/10.5281/zenodo.14542673},
}

@article{carneiro2019metamath,
  title={{Metamath} {Zero}: The {Cartesian} theorem prover},
  author={Carneiro, Mario},
  journal={arXiv preprint arXiv:1910.10703},
  year={2019}
}

@inproceedings{de2015lean,
  title={The {Lean} theorem prover (system description)},
  author={De Moura, Leonardo and Kong, Soonho and Avigad, Jeremy and Van Doorn, Floris and von Raumer, Jakob},
  booktitle={Automated Deduction-CADE-25: 25th International Conference on Automated Deduction, Berlin, Germany, August 1-7, 2015, Proceedings 25},
  pages={378--388},
  year={2015},
  organization={Springer}
}

@inproceedings{moura2021lean,
  title={The {Lean} 4 theorem prover and programming language},
  author={Moura, Leonardo de and Ullrich, Sebastian},
  booktitle={Automated Deduction--CADE 28: 28th International Conference on Automated Deduction, Virtual Event, July 12--15, 2021, Proceedings 28},
  pages={625--635},
  year={2021},
  organization={Springer}
}

@inproceedings{cruanes2014logtk,
  title={Logtk: A logic toolkit for automated reasoning and its implementation},
  author={Cruanes, Simon},
  booktitle={4th Workshop on Practical Aspects of Automated Reasoning},
  pages={39--49},
  year={2014}
}

@inproceedings{clune2024duper,
  title={{Duper}: A Proof-Producing Superposition Theorem Prover for Dependent Type Theory},
  author={Clune, Joshua and Qian, Yicheng and Bentkamp, Alexander and Avigad, Jeremy},
  booktitle={15th International Conference on Interactive Theorem Proving (ITP 2024)},
  pages={10--1},
  year={2024},
  organization={Schloss Dagstuhl--Leibniz-Zentrum f{\"u}r Informatik}
}

@article{beckert1995leantap,
  title={{leanTAP}: Lean tableau-based deduction},
  author={Beckert, Bernhard and Posegga, Joachim},
  journal={Journal of Automated Reasoning},
  volume={15},
  number={3},
  pages={339--358},
  year={1995}
}

@inproceedings{schulz2019faster,
  title={Faster, higher, stronger: {E} 2.3},
  author={Schulz, Stephan and Cruanes, Simon and Vukmirovi{\'c}, Petar},
  booktitle={Automated Deduction--CADE 27: 27th International Conference on Automated Deduction, Natal, Brazil, August 27--30, 2019, Proceedings 27},
  pages={495--507},
  year={2019},
  organization={Springer}
}

@inproceedings{kovacs2013first,
  title={First-order theorem proving and {Vampire}},
  author={Kov{\'a}cs, Laura and Voronkov, Andrei},
  booktitle={International Conference on Computer Aided Verification},
  pages={1--35},
  year={2013},
  organization={Springer}
}

@article{sutcliffe2017tptp,
  title={The {TPTP} problem library and associated infrastructure: from {CNF} to {TH0}, {TPTP} v6.4.0},
  author={Sutcliffe, Geoff},
  journal={Journal of Automated Reasoning},
  volume={59},
  number={4},
  pages={483--502},
  year={2017},
  publisher={Springer}
}

@inproceedings{otten2008leancop,
  title={{leanCoP} 2.0 and {ileanCoP} 1.2: high performance lean theorem proving in classical and intuitionistic logic (system descriptions)},
  author={Otten, Jens},
  booktitle={International Joint Conference on Automated Reasoning},
  pages={283--291},
  year={2008},
  organization={Springer}
}

@inproceedings{de2008proofs,
  title={Proofs and Refutations, and {Z3}.},
  author={de Moura, Leonardo Mendon{\c{c}}a and Bj{\o}rner, Nikolaj S},
  booktitle={LPAR Workshops},
  volume={418},
  pages={123--132},
  year={2008},
  organization={Doha, Qatar}
}

@mastersthesis{carneiro2019type,
  title={The type theory of {Lean}},
  author={Carneiro, Mario},
  year={2019},
  school={Carnegie Mellon University},
  type={Master's thesis}
}

@article{abel2020failure,
  title={Failure of normalization in impredicative type theory with proof-irrelevant propositional equality},
  author={Abel, Andreas and Coquand, Thierry},
  journal={Logical Methods in Computer Science},
  volume={16},
  year={2020},
  publisher={Episciences. org}
}

@inproceedings{bohme2010sledgehammer,
  title={Sledgehammer: judgement day},
  author={B{\"o}hme, Sascha and Nipkow, Tobias},
  booktitle={Automated Reasoning: 5th International Joint Conference, IJCAR 2010, Edinburgh, UK, July 16-19, 2010. Proceedings 5},
  pages={107--121},
  year={2010},
  organization={Springer}
}

@inproceedings{paulsson2012three,
  title={Three years of experience with {Sledgehammer}, a practical link between automatic and interactive theorem provers},
  author={Paulsson, Lawrence C and Blanchette, Jasmin C},
  booktitle={Proceedings of the 8th International Workshop on the Implementation of Logics (IWIL-2010), Yogyakarta, Indonesia. EPiC},
  volume={2},
  pages={1--10},
  year={2015}
}

@article{wang2023lego,
  title={Lego-prover: Neural theorem proving with growing libraries},
  author={Wang, Haiming and Xin, Huajian and Zheng, Chuanyang and Li, Lin and Liu, Zhengying and Cao, Qingxing and Huang, Yinya and Xiong, Jing and Shi, Han and Xie, Enze and others},
  journal={arXiv preprint arXiv:2310.00656},
  year={2023}
}

@article{hu2024minictx,
  title={miniCTX: Neural theorem proving with (long-) contexts},
  author={Hu, Jiewen and Zhu, Thomas and Welleck, Sean},
  journal={arXiv preprint arXiv:2408.03350},
  year={2024}
}

@article{lample2022hypertree,
  title={Hypertree proof search for neural theorem proving},
  author={Lample, Guillaume and Lacroix, Timothee and Lachaux, Marie-Anne and Rodriguez, Aurelien and Hayat, Amaury and Lavril, Thibaut and Ebner, Gabriel and Martinet, Xavier},
  journal={Advances in neural information processing systems},
  volume={35},
  pages={26337--26349},
  year={2022}
}

@article{aniva2024pantograph,
  title={Pantograph: A Machine-to-Machine Interaction Interface for Advanced Theorem Proving, High Level Reasoning, and Data Extraction in Lean 4},
  author={Aniva, Leni and Sun, Chuyue and Miranda, Brando and Barrett, Clark and Koyejo, Sanmi},
  journal={arXiv preprint arXiv:2410.16429},
  year={2024}
}

@article{gentzen1935untersuchungen1,
  title={Untersuchungen {\"u}ber das logische schlie{\ss}en. I.},
  author={Gentzen, Gerhard},
  journal={Mathematische zeitschrift},
  volume={35},
  year={1935}
}

@article{gentzen1935untersuchungen2,
  title={Untersuchungen {\"u}ber das logische Schlie{\ss}en. II.},
  author={Gentzen, Gerhard},
  journal={Mathematische zeitschrift},
  volume={39},
  year={1935}
}

@article{coquand1996algorithm,
  title={An algorithm for type-checking dependent types},
  author={Coquand, Thierry},
  journal={Science of computer programming},
  volume={26},
  number={1-3},
  pages={167--177},
  year={1996},
  publisher={Elsevier}
}

@inproceedings{limperg2023aesop,
  title={{Aesop}: White-box best-first proof search for {Lean}},
  author={Limperg, Jannis and From, Asta Halkj{\ae}r},
  booktitle={Proceedings of the 12th ACM SIGPLAN International Conference on Certified Programs and Proofs},
  pages={253--266},
  year={2023}
}

@book{martin1984intuitionistic,
  title={Intuitionistic type theory},
  author={Martin-L{\"o}f, Per and Sambin, Giovanni},
  volume={9},
  year={1984},
  publisher={Bibliopolis Naples}
}

@article{harper1993framework,
  title={A framework for defining logics},
  author={Harper, Robert and Honsell, Furio and Plotkin, Gordon},
  journal={Journal of the ACM (JACM)},
  volume={40},
  number={1},
  pages={143--184},
  year={1993},
  publisher={ACM New York, NY, USA}
}

@article{robinson1965machine,
  title={A machine-oriented logic based on the resolution principle},
  author={Robinson, John Alan},
  journal={Journal of the ACM (JACM)},
  volume={12},
  number={1},
  pages={23--41},
  year={1965},
  publisher={ACM New York, NY, USA}
}

@book{smullyan1968first,
  title={First-order logic},
  author={Smullyan, Raymond M and Smullyan, Raymond M},
  year={1968},
  publisher={Springer}
}

@article{fitting1972tableau,
  title={Tableau methods of proof for modal logics.},
  author={Fitting, Melvin},
  journal={Notre Dame Journal of Formal Logic},
  volume={13},
  number={2},
  pages={237--247},
  year={1972},
  publisher={Duke University Press}
}

@article{bibel1982comparative,
  title={A comparative study of several proof procedures},
  author={Bibel, Wolfgang},
  journal={Artificial Intelligence},
  volume={18},
  number={3},
  pages={269--293},
  year={1982},
  publisher={Elsevier}
}

@phdthesis{pym1990proofs,
  title={Proofs, search and computation in general logic},
  author={Pym, David},
  year={1990},
  school={The University of Edinburgh},
  type={Ph.D. thesis}
}

@inproceedings{pym1990investigations,
  title={Investigations into proof-search in a system of first-order dependent function types},
  author={Pym, David and Wallen, Lincoln},
  booktitle={10th International Conference on Automated Deduction: Kaiserslautern, FRG, July 24--27, 1990 Proceedings 10},
  pages={236--250},
  year={1990},
  organization={Springer}
}

@article{dowek1993complete,
  title={A complete proof synthesis method for the cube of type systems},
  author={Dowek, Gilles},
  journal={Journal of Logic and Computation},
  volume={3},
  number={3},
  pages={287--315},
  year={1993},
  publisher={Oxford University Press}
}

@article{norman2025canonical,
  title={Canonical for Automated Theorem Proving in Lean},
  author={Norman, Chase and Avigad, Jeremy},
  journal={arXiv preprint arXiv:2504.06239},
  year={2025}
}

@inproceedings{schmitt1995transforming,
  title={On transforming intuitionistic matrix proofs into standard-sequent proofs},
  author={Schmitt, Stephan and Kreitz, Christoph},
  booktitle={International Workshop on Theorem Proving with Analytic Tableaux and Related Methods},
  pages={106--121},
  year={1995},
  organization={Springer}
}

@inproceedings{schmitt1996converting,
  title={Converting non-classical matrix proofs into sequent-style systems},
  author={Schmitt, Stephan and Kreitz, Christoph},
  booktitle={International Conference on Automated Deduction},
  pages={418--432},
  year={1996},
  organization={Springer}
}

@article{bentkamp2021superposition,
  title={Superposition with lambdas},
  author={Bentkamp, Alexander and Blanchette, Jasmin and Tourret, Sophie and Vukmirovi{\'c}, Petar and Waldmann, Uwe},
  journal={Journal of Automated Reasoning},
  volume={65},
  number={7},
  pages={893--940},
  year={2021},
  publisher={Springer}
}

@inproceedings{vukmirovic2021making,
  title={Making Higher-Order Superposition Work.},
  author={Vukmirovic, Petar and Bentkamp, Alexander and Blanchette, Jasmin and Cruanes, Simon and Nummelin, Visa and Tourret, Sophie},
  booktitle={CADE},
  pages={415--432},
  year={2021}
}

@article{vukmirovic2021efficient,
  title={Efficient full higher-order unification},
  author={Vukmirovi{\'c}, Petar and Bentkamp, Alexander and Nummelin, Visa},
  journal={Logical Methods in Computer Science},
  volume={17},
  year={2021},
  publisher={Episciences. org}
}

@inproceedings{rothgang2023theorem,
  title={Theorem proving in dependently-typed higher-order logic},
  author={Rothgang, Colin and Rabe, Florian and Benzm{\"u}ller, Christoph},
  booktitle={International Conference on Automated Deduction},
  pages={438--455},
  year={2023},
  organization={Springer}
}

@article{kreitz2000matrix,
  title={Matrix-based constructive theorem proving},
  author={Kreitz, Christoph and Otten, Jens and Schmitt, Stephan and Pientka, Brigitte},
  journal={Intellectics and Computational Logic: Papers in Honor of Wolfgang Bibel},
  pages={189--205},
  year={2000},
  publisher={Springer}
}

@article{coquand1988calculus,
  title={The calculus of constructions},
  author={Coquand, Thierry and Huet, Gérard},
  journal={Information and Computation},
  volume={76},
  number={2},
  pages={95--120},
  year={1988},
}

@article{barendregt1991introduction,
  title={An Introduction to Generalized Type Systems},
  author={Barendregt, Henk},
  journal={Journal of Functional Programming},
  volume={1},
  pages={125-154},
  year={1991},
  month={04},
  doi={10.1017/S0956796800020025}
}

@inproceedings{sozeau2008first,
  title={First-class type classes},
  author={Sozeau, Matthieu and Oury, Nicolas},
  booktitle={International Conference on Theorem Proving in Higher Order Logics},
  pages={278--293},
  year={2008},
  organization={Springer}
}

@inproceedings{hugunin2021not,
  title={Why Not {W}?},
  author={Hugunin, Jasper},
  booktitle={26th International Conference on Types for Proofs and Programs (TYPES 2020)},
  pages={1--9},
  year={2021},
  organization={Schloss Dagstuhl-Leibniz-Zentrum f{\"u}r Informatik}
}

@article{boolos1984don,
  title={Don't eliminate cut},
  author={Boolos, George},
  journal={Journal of Philosophical Logic},
  pages={373--378},
  year={1984},
  publisher={JSTOR}
}

@article{gentzen1964investigations,
  title={Investigations into logical deduction},
  author={Gentzen, Gerhard},
  journal={American philosophical quarterly},
  volume={1},
  number={4},
  pages={288--306},
  year={1964},
  publisher={JSTOR}
}

@phdthesis{girard1972interpretation,
  title={Interpr{\'e}tation fonctionnelle et {\'e}limination des coupures de l'arithm{\'e}tique d'ordre sup{\'e}rieur},
  author={Girard, Jean-Yves},
  journal={},
  year={1972},
  school={Paris Diderot University},
  type={Ph.D. thesis}
}

@article{konig1927schlussweise,
  title={{\"U}ber eine Schlussweise aus dem Endlichen ins Unendliche},
  author={K{\H o}nig, D{\'e}nes},
  journal={Acta Scientiarum Mathematicarum},
  volume={3},
  pages={121--130},
  year={1927},
  publisher={János Bolyai Mathematical Institute}
}

@article{martin1998intuitionistic,
  title={An intuitionistic theory of types},
  author={Martin-L{\"o}f, Per},
  journal={Twenty-five years of constructive type theory},
  volume={36},
  pages={127--172},
  year={1998}
}

@phdthesis{luo1990extended,
  title={An Extended Calculus of Constructions},
  author={Luo, Zhaohui},
  year={1990},
  school={The University of Edinburgh},
  type={Ph.D. thesis}
}

@article{luo2012notes,
  title={Notes on universes in type theory},
  author={Luo, Zhaohui},
  journal={Lecture notes for a talk at Institute for Advanced Study, Princeton},
  pages={16},
  year={2012}
}

@article{dybjer1994inductive,
  title={Inductive families},
  author={Dybjer, Peter},
  journal={Formal aspects of computing},
  volume={6},
  pages={440--465},
  year={1994},
  publisher={Springer}
}

@book{program2013homotopy,
  title={Homotopy type theory: Univalent foundations of mathematics},
  author={{The Univalent Foundations Program}},
  year={2013},
  publisher={Institute for Advanced Study}
}

@article{berg2021quadratic,
  title={Quadratic type checking for objective type theory},
  author={Berg, Benno van den and Besten, Martijn den},
  journal={arXiv preprint arXiv:2102.00905},
  year={2021}
}

@book{constable1986implementing,
  title={Implementing Mathematics with The {Nuprl} Proof Development System},
  author={Constable, Robert L and Allen, Stuart F and Bromley, HM and Cleaveland, W Rance and Cremer, JF and Harper, Robert W and Howe, Doug J and Knoblock, Todd B and Mendler, Nax P and Panangaden, Prakash and others},
  year={1986},
  publisher={Prentice-Hall NJ}
}

@article{altenkirch2006towards,
  title={Towards observational type theory},
  author={Altenkirch, Thorsten and McBride, Conor},
  journal={Manuscript, available online},
  year={2006}
}

@article{cockx2021taming,
  title={The taming of the {Rew}: a type theory with computational assumptions},
  author={Cockx, Jesper and Tabareau, Nicolas and Winterhalter, Th{\'e}o},
  journal={Proceedings of the ACM on Programming Languages},
  volume={5},
  number={POPL},
  pages={1--29},
  year={2021},
  publisher={ACM New York, NY, USA}
}

@article{assaf2023dedukti,
  title={{Dedukti}: a Logical Framework based on the {$\lambda$$\Pi$-calculus} Modulo Theory},
  author={Assaf, Ali and Burel, Guillaume and Cauderlier, Rapha{\"e}l and Delahaye, David and Dowek, Gilles and Dubois, Catherine and Gilbert, Fr{\'e}d{\'e}ric and Halmagrand, Pierre and Hermant, Olivier and Saillard, Ronan},
  journal={arXiv preprint arXiv:2311.07185},
  year={2023}
}

@book{norell2007towards,
  title={Towards a practical programming language based on dependent type theory},
  author={Norell, Ulf},
  volume={32},
  year={2007},
  publisher={Chalmers University of Technology}
}

@inproceedings{coquand2006emacs,
  title={An Emacs interface for type directed support constructing proofs and programs},
  author={Coquand, Catarina and Takeyama, Makoto and Synek, Dan},
  booktitle={European Joint Conferences on Theory and Practice of Software, ENTCS},
  volume={2},
  pages={1--14},
  year={2006}
}

@article{gilbert2019definitional,
  title={Definitional proof-irrelevance without {K}},
  author={Gilbert, Ga{\"e}tan and Cockx, Jesper and Sozeau, Matthieu and Tabareau, Nicolas},
  journal={Proceedings of the ACM on Programming Languages},
  volume={3},
  number={POPL},
  pages={1--28},
  year={2019},
  publisher={ACM New York, NY, USA}
}

@inproceedings{cousineau2007embedding,
  title={Embedding pure type systems in the {$\lambda$$\Pi$-calculus} modulo},
  author={Cousineau, Denis and Dowek, Gilles},
  booktitle={Typed Lambda Calculi and Applications: 8th International Conference, TLCA 2007, Paris, France, June 26-28, 2007. Proceedings 8},
  pages={102--117},
  year={2007},
  organization={Springer}
}

@inproceedings{boespflug2012lambdapi,
  title={The {$\lambda$$\Pi$-calculus} Modulo as a Universal Proof Language.},
  author={Boespflug, Mathieu and Carbonneaux, Quentin and Hermant, Olivier},
  booktitle={PxTP},
  pages={28--43},
  year={2012}
}

@incollection{bloo1995preservation,
  title={Preservation of strong normalisation in named lambda calculi with explicit substitution and garbage collection},
  author={Bloo, CJ and Rose, Kristoffer H{\o}gsbro},
  booktitle={Computing Science in the Netherlands (CSN'95, Utrecht, The Netherlands, November 27-28, 1995)},
  pages={62--72},
  year={1995},
  publisher={Centrum voor Wiskunde en Informatica}
}

@inproceedings{severi1994pure,
  title={Pure type systems with definitions},
  author={Severi, Paula and Poll, Erik},
  booktitle={Logical Foundations of Computer Science: Third International Symposium, LFCS'94 St. Petersburg, Russia, July 11--14, 1994 Proceedings 3},
  pages={316--328},
  year={1994},
  organization={Springer}
}

@inproceedings{mahboubi2013canonical,
  title={Canonical structures for the working {Coq} user},
  author={Mahboubi, Assia and Tassi, Enrico},
  booktitle={International Conference on Interactive Theorem Proving},
  pages={19--34},
  year={2013},
  organization={Springer}
}

@phdthesis{mcbride2000dependently,
  title={Dependently typed functional programs and their proofs},
  author={McBride, Conor},
  year={2000},
  school={University of Edinburgh},
  type={Ph.D. thesis}
}

@article{nanevski2008contextual,
  title={Contextual modal type theory},
  author={Nanevski, Aleksandar and Pfenning, Frank and Pientka, Brigitte},
  journal={ACM Transactions on Computational Logic (TOCL)},
  volume={9},
  number={3},
  pages={1--49},
  year={2008},
  publisher={ACM New York, NY, USA}
}

@article{martelli1982efficient,
  title={An efficient unification algorithm},
  author={Martelli, Alberto and Montanari, Ugo},
  journal={ACM Transactions on Programming Languages and Systems (TOPLAS)},
  volume={4},
  number={2},
  pages={258--282},
  year={1982},
  publisher={ACM New York, NY, USA}
}

@article{huet1973undecidability,
  title={The undecidability of unification in third order logic},
  author={Huet, G{\'e}rard P},
  journal={Information and control},
  volume={22},
  number={3},
  pages={257--267},
  year={1973},
  publisher={Elsevier}
}

@article{goldfarb1981undecidability,
  title={The undecidability of the second-order unification problem},
  author={Goldfarb, Warren D},
  journal={Theoretical Computer Science},
  volume={13},
  number={2},
  pages={225--230},
  year={1981},
  publisher={Elsevier}
}

@article{huet1975unification,
  title={A unification algorithm for typed $\lambda$-calculus},
  author={Huet, Gerard P.},
  journal={Theoretical Computer Science},
  volume={1},
  number={1},
  pages={27--57},
  year={1975},
  publisher={Elsevier}
}

@inproceedings{elliott1989higher,
  title={Higher-order unification with dependent function types},
  author={Elliott, Conal M},
  booktitle={Rewriting Techniques and Applications: 3rd International Conference, RTA-89 Chapel Hill, North Carolina, USA April 3--5, 1989 Proceedings 3},
  pages={121--136},
  year={1989},
  organization={Springer}
}

@phdthesis{elliott1990extensions,
  title={Extensions and applications of higher-order unification},
  author={Elliott, Conal Mullen},
  year={1990},
  school={Carnegie Mellon University},
  type={Ph.D. thesis}
}

@inproceedings{de1972lambda,
  title={Lambda calculus notation with nameless dummies, a tool for automatic formula manipulation, with application to the Church-Rosser theorem},
  author={De Bruijn, Nicolaas Govert},
  booktitle={Indagationes mathematicae (proceedings)},
  pages={381--392},
  year={1972}
}

@inproceedings{mcbride2004functional,
  title={Functional pearl: I am not a number -- I am a free variable},
  author={McBride, Conor and McKinna, James},
  booktitle={Proceedings of the 2004 ACM SIGPLAN Workshop on Haskell},
  pages={1--9},
  year={2004}
}

@book{nordstrom1990programming,
  title={Programming in Martin-L{\"o}f’s type theory},
  author={Nordstr{\"o}m, Bengt and Petersson, Kent and Smith, Jan M},
  volume={200},
  year={1990},
  publisher={Oxford University Press}
}

@inproceedings{pollack2000dependently,
  title={Dependently typed records for representing mathematical structure},
  author={Pollack, Robert},
  booktitle={International Conference on Theorem Proving in Higher Order Logics},
  pages={462--479},
  year={2000},
  organization={Springer}
}

@article{pfenning2004automated,
  title={Automated theorem proving},
  author={Pfenning, Frank},
  journal={Lecture notes for CMU 15-815},
  publisher={Carnegie Mellon University},
  year={2004}
}

@book{harrison2009handbook,
  title={Handbook of practical logic and automated reasoning},
  author={Harrison, John},
  year={2009},
  publisher={Cambridge University Press}
}

@book{wallen1987automated,
  title={Automated proof search in non-classical logics: efficient matrix proof methods for modal and intuitionistic logics},
  author={Wallen, Lincoln A},
  year={1987},
  publisher={The University of Edinburgh}
}

@incollection{waaler2001connections,
  title={Connections in nonclassical logics},
  author={Waaler, Arild},
  booktitle={Handbook of Automated Reasoning},
  pages={1487--1578},
  year={2001},
  publisher={North Holland}
}

@inproceedings{mints1988gentzen,
  title={Gentzen-type systems and resolution rules},
  author={Mints, Grigori},
  booktitle={International Conference on Computer Logic},
  pages={198--231},
  year={1988},
  organization={Springer}
}

@inproceedings{tammet1997resolution,
  title={Resolution, inverse method and the sequent calculus},
  author={Tammet, Tanel},
  booktitle={Kurt G{\"o}del Colloquium on Computational Logic and Proof Theory},
  pages={65--83},
  year={1997},
  organization={Springer}
}

@inproceedings{prawitz1968proof,
  title={A proof procedure with matrix reduction},
  author={Prawitz, Dag},
  booktitle={Symposium on Automatic Demonstration: Held at Versailles/France, December 1968},
  pages={207--214},
  year={2006},
  organization={Springer}
}

@inproceedings{andrews1980transforming,
  title={Transforming matings into natural deduction proofs},
  author={Andrews, Peter B},
  booktitle={5th Conference on Automated Deduction Les Arcs, France, July 8--11, 1980 5},
  pages={281--292},
  year={1980},
  organization={Springer}
}

@article{andrews1981theorem,
  title={Theorem proving via general matings},
  author={Andrews, Peter B},
  journal={Journal of the ACM (JACM)},
  volume={28},
  number={2},
  pages={193--214},
  year={1981},
  publisher={ACM New York, NY, USA}
}

@article{bibel1981matrices,
  title={On matrices with connections},
  author={Bibel, Wolfgang},
  journal={Journal of the ACM (JACM)},
  volume={28},
  number={4},
  pages={633--645},
  year={1981},
  publisher={ACM New York, NY, USA}
}

@article{bibel1983matings,
  title={Matings in matrices},
  author={Bibel, Wolfgang},
  journal={Communications of the ACM},
  volume={26},
  number={11},
  pages={844--852},
  year={1983},
  publisher={ACM New York, NY, USA}
}

@incollection{robinson1983paramodulation,
  title={Paramodulation and theorem-proving in first-order theories with equality},
  author={Robinson, George and Wos, Larry},
  booktitle={Automation of Reasoning: 2: Classical Papers on Computational Logic 1967--1970},
  pages={298--313},
  year={1983},
  publisher={Springer}
}

@article{bachmair1994rewrite,
  title={Rewrite-based equational theorem proving with selection and simplification},
  author={Bachmair, Leo and Ganzinger, Harald},
  journal={Journal of Logic and Computation},
  volume={4},
  number={3},
  pages={217--247},
  year={1994},
  publisher={Oxford University Press}
}

@article{mccune1992experiments,
  title={Experiments with discrimination-tree indexing and path indexing for term retrieval},
  author={McCune, William},
  journal={Journal of automated reasoning},
  volume={9},
  number={2},
  pages={147--167},
  year={1992},
  publisher={Springer}
}

@inproceedings{steen2018higher,
  title={The higher-order prover {Leo-III}},
  author={Steen, Alexander and Benzm{\"u}ller, Christoph},
  booktitle={Automated Reasoning: 9th International Joint Conference, IJCAR 2018, Held as Part of the Federated Logic Conference, FloC 2018, Oxford, UK, July 14-17, 2018, Proceedings 9},
  pages={108--116},
  year={2018},
  organization={Springer}
}







@booklet{radford2018improving,
  title={Improving language understanding by generative pre-training},
  author={Radford, Alec and Narasimhan, Karthik and Salimans, Tim and Sutskever, Ilya},
  year={2018}
}

@booklet{radford2019language,
  title={Language models are unsupervised multitask learners},
  author={Radford, Alec and Wu, Jeffrey and Child, Rewon and Luan, David and Amodei, Dario and Sutskever, Ilya and others},
  year={2019}
}

@booklet{brown2020language,
  title={Language models are few-shot learners},
  author={Brown, Tom B},
  year={2020}
}

@booklet{achiam2023gpt,
  title={{GPT-4} technical report},
  author={Achiam, Josh and Adler, Steven and Agarwal, Sandhini and Ahmad, Lama and Akkaya, Ilge and Aleman, Florencia Leoni and Almeida, Diogo and Altenschmidt, Janko and Altman, Sam and Anadkat, Shyamal and others},
  year={2023}
}

@article{willard2023efficient,
  title={Efficient guided generation for {LLMs}},
  author={Willard, Brandon T and Louf, R{\'e}mi},
  journal={arXiv preprint arXiv:2307.09702},
  year={2023}
}

@article{statman1979intuitionistic,
  title={Intuitionistic propositional logic is polynomial-space complete},
  author={Statman, Richard},
  journal={Theoretical Computer Science},
  volume={9},
  number={1},
  pages={67--72},
  year={1979},
  publisher={Elsevier}
}

@article{rafailov2024r,
  title={From $ r $ to $ {Q}^\ast $: Your Language Model is Secretly a {Q}-Function},
  author={Rafailov, Rafael and Hejna, Joey and Park, Ryan and Finn, Chelsea},
  journal={arXiv preprint arXiv:2404.12358},
  year={2024}
}

@mastersthesis{alyssa2019provability,
  title={The provability semantics of metaprogramming},
  author={Renata, Alyssa},
  year={2022},
  school={Imperial College London},
  type={Bachelor's thesis}
}

@mastersthesis{david2021theorem,
  title={Theorem proving in classical logic},
  author={Davies, David},
  year={2021},
  school={Imperial College London},
  type={Master's thesis}
}

@inproceedings{griffin1989formulae,
  title={A formulae-as-type notion of control},
  author={Griffin, Timothy G},
  booktitle={Proceedings of the 17th ACM SIGPLAN-SIGACT symposium on Principles of programming languages},
  pages={47--58},
  year={1989}
}

@inproceedings{parigot1992lambdamu,
  title={$\lambda$$\mu$-calculus: an algorithmic interpretation of classical natural deduction},
  author={Parigot, Michel},
  booktitle={Logic Programming and Automated Reasoning: International Conference LPAR'92 St. Petersburg, Russia, July 15--20, 1992 Proceedings 3},
  pages={190--201},
  year={1992},
  organization={Springer}
}

@inproceedings{miquey2020dependent,
  title={Dependent Type Theory in Polarised Sequent Calculus},
  author={Miquey, {\'E}tienne and Montillet, Xavier and Munch-Maccagnoni, Guillaume},
  booktitle={TYPES 2020-26th International Conference on Types for Proofs and Programs},
  pages={1--3},
  year={2020}
}

@article{sut17tptp,
    author       = "Sutcliffe, G.",
    year         = "2017",
    title        = "{The {TPTP} Problem Library and Associated Infrastructure.
                    From {CNF} to {TH0}, {TPTP} v6.4.0}",
    journal      = "Journal of Automated Reasoning",
    volume       = "59",
    number       = "4",
    pages        = "483-502"
}

@article{zheng2021minif2f,
  title={{MiniF2F}: a cross-system benchmark for formal {Olympiad}-level mathematics},
  author={Zheng, Kunhao and Han, Jesse Michael and Polu, Stanislas},
  journal={arXiv preprint arXiv:2109.00110},
  year={2021}
}
